@book{gajski2009embedded,
  title={Embedded system design: modeling, synthesis and verification},
  author={Gajski, Daniel D and Abdi, Samar and Gerstlauer, Andreas and Schirner, Gunar},
  year={2009},
  publisher={Springer Science \& Business Media}
}
@article{Voelter2013,
author = {Voelter, Markus and Ratiu, Daniel and Kolb, Bernd and Schaetz, Bernhard},
doi = {10.1007/s10515-013-0120-4},
isbn = {0928-8910},
issn = {09288910},
journal = {Automated Software Engineering},
keywords = {Domain specific languages and tooling,Embedded systems,Language workbenches,Synthesis of tailored tools},
number = {3},
pages = {339--390},
title = {{Mbeddr: Instantiating a language workbench in the embedded software domain}},
url = {http://dx.doi.org/10.1007/s10515-013-0120-4},
volume = {20},
year = {2013}
}
@article{Hendriks2016,
author = {Hendriks, Martijn and Basten, Twan and Verriet, Jacques and Brass{\'{e}}, Marco and Somers, Lou},
doi = {10.1007/s10009-014-0340-3},
issn = {1433-2787},
journal = {International Journal on Software Tools for Technology Transfer},
number = {1},
pages = {21--40},
title = {{A blueprint for system-level performance modeling of software-intensive embedded systems}},
url = {http://dx.doi.org/10.1007/s10009-014-0340-3},
volume = {18},
year = {2016}
}

@article{sullivan2012overview,
  title={Overview of the high efficiency video coding (HEVC) standard},
  author={Sullivan, Gary J and Ohm, Jens and Han, Woo-Jin and Wiegand, Thomas},
  journal={IEEE Transactions on circuits and systems for video technology},
  volume={22},
  number={12},
  pages={1649--1668},
  year={2012},
  publisher={IEEE}
}

@INPROCEEDINGS{rogers2013heterogeneous,
author={P. Rogers},
booktitle={2013 IEEE Hot Chips 25 Symposium (HCS)},
title={Heterogeneous system architecture overview},
year={2013},
volume={},
number={},
pages={1-41},
keywords={Java;face recognition;graphics processing units;microprocessor chips;public domain software;system-on-chip;CPU;GPU;HSA memory model;HSA open source software;HSA queuing model;Haar face detection;Java;OpenCL;SoC;heterogeneous system architecture;rigid body physics;suffix arrays;system-on-chip;Graphics processing units;Java;Manuals;Systems architecture;Tutorials;Web sites},
doi={10.1109/HOTCHIPS.2013.7478286},
ISSN={},
month={Aug},}

%https://hevc.hhi.fraunhofer.de/ --> JCT-VC Documents
%url={http://phenix.int-evry.fr/jct/doc_end_user/documents/29_Macau/wg11/JCTVC-AC1100-v1.zip}
@techreport{CTC_2017_AC1100_Sharman,
  title={Common test conditions},
  author={Karl Sharman and Karsten Suehring},
  year={2017},
  month={Oct.},
  institution={Joint Collaborative Team on Video Coding (JCT-VC) of ITU-T SG16 WP3 and ISO/IEC JTC1/SC29/WG11. Doc. JCTVC-AC1100. Macao, China}
}

@article{mccabe1976complexity,
  title={A complexity measure},
  author={McCabe, Thomas J},
  journal={IEEE Transactions on software Engineering},
  number={4},
  pages={308--320},
  year={1976},
  publisher={IEEE}
}

@book{gomaa2011software,
  title={Software modeling and design: UML, use cases, patterns, and software architectures},
  author={Gomaa, Hassan},
  year={2011},
  publisher={Cambridge University Press}
}



@inproceedings{bolchini2016runtime,
  title={A Runtime Controller for OpenCL Applications on Heterogeneous System Architectures.},
author={Bolchini, Cristiana and Cherubin, Stefano and Durelli, Gianluca C and Libutti, Simone and Miele, Antonio and Santambrogio, Marco D},
  booktitle={EWiLi},
  year={2016}
}

@InProceedings{scarpazza2006software,
author="Scarpazza, Daniele Paolo and Raghavan, Praveen and Novo, David and Catthoor, Francky and Verkest, Diederik",
editor="Vounckx, Johan and Azemard, Nadine and Maurine, Philippe",
title="Software Simultaneous Multi-Threading, a Technique to Exploit Task-Level Parallelism to Improve Instruction- and Data-Level Parallelism",
booktitle="Integrated Circuit and System Design. Power and Timing Modeling, Optimization and Simulation",
year="2006",
publisher="Springer Berlin Heidelberg",
address="Berlin, Heidelberg",
pages="12--23",
abstract="The search for energy efficiency in the design of embedded systems is leading toward CPUs with higher instruction-level and data-level parallelism. Unfortunately, individual applications do not have sufficient parallelism to keep all these CPU resources busy. Since embedded systems often consist of multiple tasks, task-level parallelism can be used for the purpose. Simultaneous multi-threading (SMT) proved a valuable technique to do so in high-performance systems, but it cannot be afforded in system with tight energy budgets. Moreover, it does not exploit data-level parallel hardware, and does not exploit the available information on threads.",
isbn="978-3-540-39097-8"
}


@inproceedings{melo2016parallel,
  title={A parallel Motion Estimation solution for heterogeneous System on Chip},
  author={Melo, Mateus and Smaniotto, Gustavo and Maich, Henrique and Agostini, Luciano and Zatt, Bruno and Rosa, Leomar and Porto, Marcelo},
  booktitle={Integrated Circuits and Systems Design (SBCCI), 2016 29th Symposium on},
  pages={1--6},
  year={2016},
  organization={IEEE}
}

@misc{HardKernel_Odroid_XU3,
author = {Hardkernel},
howpublished = {\url{http://www.hardkernel.com/main/products/prdt_info.php?g_code=g140448267127}},
publisher = {Hardkernel co.},
title = {{ODROID-XU3}},
year = {2018}
}

@misc{HSA_Foundation,
howpublished = {\url{http://www.hsafoundation.com/}},
publisher = {HSA Foundation},
title = {{HSA Foundation}},
year = {2018}
}

@inproceedings{mischkalla2010closing,
author = {Mischkalla, Fabian and He, Da and Mueller, Wolfgang},
booktitle = {Design, Automation {\&} Test in Europe Conference {\&} Exhibition (DATE), 2010},
mendeley-groups = {Teste},
organization = {IEEE},
pages = {1201--1206},
title = {{Closing the gap between UML-based modeling, simulation and synthesis of combined HW/SW systems}},
year = {2010}
}


@inproceedings{miele2015system,
author = {Miele, Antonio and Durelli, Gianluca Carlo and Santambrogio, Marco Domenico and Bolchini, Cristiana},
booktitle = {Digital System Design (DSD), 2015 Euromicro Conf. on},
organization = {IEEE},
pages = {637--644},
title = {{A System-Level Simulation Framework for Evaluating Resource Management Policies for Heterogeneous System Architectures}},
year = {2015}
}

@article{erbas2007framework,
author = author = {Erbas, Cagkan and Pimentel, Andy D and Thompson, Mark and Polstra, Simon},
journal = {EURASIP Journal on Embedded Systems},
mendeley-groups = {Teste},
number = {1},
pages = {82123},
publisher = {Springer},
title = {{A framework for system-level modeling and simulation of embedded systems architectures}},
volume = {2007},
year = {2007}
}



@article{Penil2010,
author = {Pe{\~{n}}il, P and Medina, J and Posadas, H and Villar, E},
doi = {10.1007/s11334-009-0105-4},
issn = {1614-5054},
journal = {Innovations in Systems and Software Engineering},
mendeley-groups = {SystematicLiteratureReview,Teste},
number = {1},
pages = {65--71},
title = {{Generating heterogeneous executable specifications in SystemC from UML/MARTE models}},
url = {http://dx.doi.org/10.1007/s11334-009-0105-4},
volume = {6},
year = {2010}
}


@article{Nogueira2016,
author = {Nogueira, Bruno and Maciel, Paulo and Tavares, Eduardo and Silva, Ricardo M A and Andrade, Ermeson},
doi = {10.1007/s00500-016-2061-x},
issn = {1433-7479},
journal = {Soft Computing},
pages = {1--18},
title = {{Multi-objective optimization of multimedia embedded systems using genetic algorithms and stochastic simulation}},
url = {http://dx.doi.org/10.1007/s00500-016-2061-x},
year = {2016}
}

@article{An2015172,
author = {An, Xin and Gamati{\'{e}}, Abdoulaye and Rutten, Eric},
doi = {http://dx.doi.org/10.1016/j.sysarc.2015.02.002},
url = {http://www.sciencedirect.com/science/article/pii/S1383762115000053},
issn = {1383-7621},
journal = {Journal of Systems Architecture},
keywords = {Design space exploration; High-level method; MPSoC},
number = {3--4},
pages = {172--184},
title = {{High-level design space exploration for adaptive applications on multiprocessor systems-on-chip}},
volume = {61},
year = {2015}
}


@article{Hendriks2016,
author = {Hendriks, Martijn and Basten, Twan and Verriet, Jacques and Brass{\'{e}}, Marco and Somers, Lou},
doi = {10.1007/s10009-014-0340-3},
issn = {1433-2787},
journal = {Int. Journal on Software Tools for Technology Transfer},
number = {1},
pages = {21--40},
title = {{A blueprint for system-level performance modeling of software-intensive embedded systems}},
volume = {18},
year = {2016},
url = {http://dx.doi.org/10.1007/s10009-014-0340-3},
}

@article{Leite2016,
author = {Leite, Marcela and Wehrmeister, Marco Aur{\'{e}}lio},
doi = {10.1007/s10617-016-9172-6},
issn = {1572-8080},
journal = {Design Automation for Embedded Systems},
url = {http://dx.doi.org/10.1007/s10617-016-9172-6},
number = {2},
pages = {127--153},
title = {{System-level design based on UML/MARTE for FPGA-based embedded real-time systems}},
volume = {20},
year = {2016}
}

@article{delaFuente2016,
author = {de la Fuente, D and Barba, J and L{\'{o}}pez, J C and Pe{\~{n}}il, P and Posadas, H and S{\'{a}}nchez, P},
doi = {10.1007/s11042-016-3448-5},
issn = {1573-7721},
journal = {Multimedia Tools and Applications},
mendeley-groups = {SystematicLiteratureReview,Teste},
pages = {1--32},
title = {{Synthesis of simulation and implementation code for OpenMAX multimedia heterogeneous systems from UML/MARTE models}},
url = {http://dx.doi.org/10.1007/s11042-016-3448-5},
year = {2016}
}

@article{Liebel2016,
author = {Liebel, Grischa and Marko, Nadja and Tichy, Matthias and Leitner, Andrea and Hansson, J{\"{o}}rgen},
doi = {10.1007/s10270-016-0523-3},
isbn = {978-3-319-11652-5},
issn = {1619-1366},
journal = {Software {\&} Systems Modeling},
url = {http://link.springer.com/10.1007/s10270-016-0523-3},
pages = {1--23},
title = {{Model-based engineering in the embedded systems domain: an industrial survey on the state-of-practice}},
year = {2016}
}

@Article{Duhem2015,
author="Duhem, Fran{\c{c}}ois
and Muller, Fabrice
and Bonamy, Robin
and Bilavarn, S{\'e}bastien",
title="FoRTReSS: a flow for design space exploration of partially reconfigurable systems",
journal="Design Automation for Embedded Systems",
year="2015",
month="Sep",
day="01",
volume="19",
number="3",
pages="301--326",
issn="1572-8080",
doi="10.1007/s10617-015-9160-2",
url="https://doi.org/10.1007/s10617-015-9160-2"
}

@article{Voelter2013,
author = {Voelter, Markus and Ratiu, Daniel and Kolb, Bernd and Schaetz, Bernhard}
doi = {10.1007/s10515-013-0120-4},
isbn = {0928-8910},
issn = {09288910},
url = {http://dx.doi.org/10.1007/s10515-013-0120-4},
journal = {Automated Software Engineering},
keywords = {Domain specific languages and tooling,Embedded systems,Language workbenches,Synthesis of tailored tools},
number = {3},
pages = {339--390},
title = {{Mbeddr: Instantiating a language workbench in the embedded software domain}},
volume = {20},
year = {2013}
}



@article{Herrera201455,
author = {Herrera, Fernando and Posadas, H{\'{e}}ctor and Pe{\~{n}}il, Pablo and Villar, Eugenio and Ferrero, Francisco and Valencia, Ra{\'{u}}l and Palermo, Gianluca}
doi = {http://dx.doi.org/10.1016/j.sysarc.2013.10.003},
url = {http://www.sciencedirect.com/science/article/pii/S138376211300194X},
issn = {1383-7621},
journal = {Journal of Systems Architecture},
keywords = {CBSE,DSE,ESL,Embedded systems,MARTE,MBD,MDE,UML},
number = {1},
pages = {55--78},
title = {{The {COMPLEX} methodology for UML/MARTE Modeling and design space exploration of embedded systems}},
volume = {60},
year = {2014}
}
@inproceedings{Hoffmann:2010,
 author = {Hoffmann, Henry and Eastep, Jonathan and Santambrogio, Marco D. and Miller, Jason E. and Agarwal, Anant}
 title = {Application Heartbeats: A Generic Interface for Specifying Program Performance and Goals in Autonomous Computing Environments},
 booktitle = {Proc. 7th Int. Conf. on Autonomic Computing},
 series = {ICAC '10},
 year = {2010},
 isbn = {978-1-4503-0074-2},
 url = {http://doi.acm.org/10.1145/1809049.1809065},
 location = {Washington, DC, USA},
 pages = {79--88},
 numpages = {10},
  doi = {10.1145/1809049.1809065},
 acmid = {1809065},
 publisher = {ACM},
 address = {New York, NY, USA},
 keywords = {adaptive computing, self-tuning systems},
}

@article{patel2005towards,
  title={Towards a heterogeneous simulation kernel for system-level models: a SystemC kernel for synchronous data flow models},
  author={Patel, Hiren D and Shukla, Sandeep K},
  journal={IEEE Transactions on Computer-Aided Design of Integrated Circuits and Systems},
  volume={24},
  number={8},
  pages={1261--1271},
  year={2005},
  publisher={IEEE}
}

@article{callou2011energy,
  title={Energy consumption and execution time estimation of embedded system applications},
  author={Callou, Gustavo and Maciel, Paulo and Tavares, Eduardo and Andrade, Ermeson and Nogueira, Bruno and Araujo, Carlos and Cunha, Paulo},
  journal={Microprocessors and Microsystems},
  volume={35},
  number={4},
  pages={426--440},
  year={2011},
  publisher={Elsevier}
}

@article{gruttner2013complex,
annote = {Special Issue on European Projects in Embedded System Design: {\{}EPESD2012{\}}},
author = {Gr{\"{u}}ttner, Kim and Hartmann, Philipp A and Hylla, Kai and Rosinger, Sven and Nebel, Wolfgang and Herrera, Fernando and Villar, Eugenio and Brandolese, Carlo and Fornaciari, William and Palermo, Gianluca and Ykman-Couvreur, Chantal and Quaglia, Davide and Ferrero, Francisco and Valencia, Ra{\'{u}}l}
doi = {http://dx.doi.org/10.1016/j.micpro.2013.09.001},
issn = {0141-9331},
journal = {Microprocessors and Microsystems},
keywords = {HW/SW timing and power estimation; Virtual prototy},
number = {8, Part C},
pages = {966--980},
url = {http://www.sciencedirect.com/science/article/pii/S0141933113001221},
title = {{The {COMPLEX} reference framework for HW/SW co-design and power management supporting platform-based design-space exploration}},
volume = {37},
year = {2013}
}


@inproceedings{Cai:2003:TLM,
 author = {Cai, Lukai and Gajski, Daniel},
 title = {Transaction Level Modeling: An Overview},
 booktitle = {Proceedings of the 1st IEEE/ACM/IFIP International Conference on Hardware/Software Codesign and System Synthesis},
 series = {CODES+ISSS '03},
 year = {2003},
 isbn = {1-58113-742-7},
 location = {Newport Beach, CA, USA},
 pages = {19--24},
 numpages = {6},
 url = {http://doi.acm.org/10.1145/944645.944651},
 doi = {10.1145/944645.944651},
 acmid = {944651},
 publisher = {ACM},
 address = {New York, NY, USA},
}






%***********************************************************
@BOOK{Moore:1979:MAI,
  Address =	 {Philadelphia, PA, USA},
  Author =	 {Moore, R. E.},
  Pages =	 {xi + 190},
  Publisher =	 {Society for Industrial and Applied Mathematics},
  Title =	 {Methods and Applications of Interval Analysis},
  Year =	 {1979}
}

@BOOK{vonNeumann:1966:TSR,
  Author =	 {{von Neumann}, J.},
  Editor =	 {Burks, A. W.},
  Pages =	 {xix + 388},
  Title =	 {Theory of Self-Reproducing Automata},
  Year =	 {1966}
}

@MastersThesis{Aguiar:2005,
   author =       "Marilton Aguiar",
   title =        "Título da Monografia",
   school =       "Centro de Desenvolvimento Tecnológico, Universidade Federal de Pelotas",
   year =         "2005",
   type =         "Trabalho de Conclusão (Curso de Ciência da Computação)",
   pages =        "85",
   address =      "Pelotas"}

@Book{Cormen,
  author =	"T. Cormen and C. Leiserson and R. Rivest",
  title =	"Introduction to Algorithms",
  publisher =	"{MIT} Press",
  year = 	"1990",
}

@online{society_factsheet_2012,
	title = {Factsheet 417: {The} later stages of dementia},
	url = {https://www.alzheimers.org.uk/site/scripts/documents\_info.php?documentID=101},
	abstract = {An Alzheimer's Society factsheet on the later stages of dementia.},
	urldate = {2016-11-13},
	author = {Society, Alzheimer's},
	month = mar,
	year = {2012}
}